@manual{espressif:esp8266,
    organization  = "Espressif",
    title         = "ESP8266EX Datasheet",
    pages         = 29,
    year          =  2017,
    note          = "Version 5.4"
}

@manual{drobotics:DHT11,
    organization  = "D-Robotics UK",
    title         = "DHT11 Humidity & Temperature Sensor",
    pages         = 9,
    year          =  2010,
    month         = 3,
}

@techreport{cisco:idc,
    author          =  "Evans, Dave",
    title           =  "Internet de las cosas. Cómo la próxima evolución de Internet lo cambia todo.",
    institution     =  "Cisco",
    year            = 2011
}

@misc{uma:enunciado,
    author          =  "Rodríguez, Andrés and Castro, Francisco Manuel",
    title           =  "Proyecto: IoT aplicado al huerto urbano. Enunciado",
    institution     =  "Universidad de Málaga",
}